@article{einstein1905,
  author  = {Albert Einstein},
  title   = {Does the Inertia of a Body Depend Upon Its Energy Content?},
  journal = {Annalen der Physik},
  year    = {1905},
  volume  = {18},
  pages   = {639--641}
}

@book{maxwell1865,
  author    = {James Clerk Maxwell},
  title     = {A Dynamical Theory of the Electromagnetic Field},
  publisher = {Royal Society of London},
  year      = {1865}
}

@article{feynman1963,
  author    = {Richard P. Feynman},
  title     = {The Theory of Positrons},
  journal   = {Physical Review},
  year      = {1963},
  volume    = {76},
  number    = {6},
  pages     = {749--759}
}
